%%==================================================
%% chap1.bib for BIT Master Thesis
%% modified by yang yating
%% version: 0.1
%% last update: Dec 25th, 2016
%%==================================================

@misc{sel4-sel4test,
  author = {{seL4 Project}},
  year = {2023},
  title = {{seL4/sel4test: Test suite for seL4}},
  howpublished = {\url{https://github.com/seL4/sel4test}},
  note = {Accessed: 2025-05-06}
}

@misc{smoltcp-rs-smoltcp,
  author = {{smoltcp-rs}},
  year = {2023},
  title = {{smoltcp: a smol tcp/ip stack}},
  howpublished = {\url{https://github.com/smoltcp-rs/smoltcp}},
  note = {Accessed: 2025-05-06}
}

@misc{amd-axi-dma-controller,
  author = {{AMD}},
  title = {{AXI DMA Controller}},
  year = {2023},
  howpublished = {\url{https://www.amd.com/zh-cn/products/adaptive-socs-and-fpgas/intellectual-property/axi_dma.html}},
  note = {Accessed: 2025-05-06}
}

@misc{axima-power-axinet,
  author = {{Axima Power}},
  year = {2023},
  title = {{AXINET | Axima-power.com}},
  howpublished = {\url{https://www.axima-power.com/axinet}},
  note = {Accessed: 2025-05-06}
}

@misc{opensbi,
  author = {{RISC-V Software Source}},
  title = {{RISC-V Open Source Supervisor Binary Interface (OpenSBI)}},
  year = {2023},
  howpublished = {\url{https://github.com/riscv-software-src/opensbi}},
  note = {Accessed: 2025-05-06}
}

@misc{arm2023axi,
  title={AMBA AXI and ACE Protocol Specification},
  organization={ARM Limited},
  year={2023}
}

@misc{xilinx2023zynq,
  title={Zynq UltraScale+ MPSoC Technical Reference Manual},
  organization={Xilinx Inc.},
  year={2023}
}

@inproceedings{barnes1993method,
  title={A method for implementing lock-free shared-data structures},
  author={Barnes, Greg},
  booktitle={Proceedings of the fifth annual ACM symposium on Parallel algorithms and architectures},
  pages={261--270},
  year={1993}
}

@inproceedings{peters2015microkernel,
  title={For a microkernel, a big lock is fine},
  author={Peters, Sean and Danis, Adrian and Elphinstone, Kevin and Heiser, Gernot},
  booktitle={Proceedings of the 6th Asia-Pacific Workshop on Systems},
  pages={1--7},
  year={2015}
}

@inproceedings{lyons2018scheduling,
  title={Scheduling-context capabilities: A principled, light-weight operating-system mechanism for managing time},
  author={Lyons, Anna and McLeod, Kent and Almatary, Hesham and Heiser, Gernot},
  booktitle={Proceedings of the Thirteenth EuroSys Conference},
  pages={1--16},
  year={2018}
}

@inproceedings{de2024sel4,
  title={An seL4-based Trusted Execution Environment on RISC-V},
  author={De Matos, Everton and Lunardi, Willian Tessaro and Ukkonen, Jouni and Salminen, Tero},
  booktitle={2024 International Wireless Communications and Mobile Computing (IWCMC)},
  pages={712--717},
  year={2024},
  organization={IEEE}
}

@article{klein2014comprehensive,
  title={Comprehensive formal verification of an OS microkernel},
  author={Klein, Gerwin and Andronick, June and Elphinstone, Kevin and Murray, Toby and Sewell, Thomas and Kolanski, Rafal and Heiser, Gernot},
  journal={ACM Transactions on Computer Systems (TOCS)},
  volume={32},
  number={1},
  pages={1--70},
  year={2014},
  publisher={ACM New York, NY, USA}
}

@inproceedings{doran2023embedded,
  title={Embedded Virtualization on RISC-V with seL4},
  author={Doran, Michael A and Kandalaft, Nabeeh},
  booktitle={2023 IEEE 14th Annual Ubiquitous Computing, Electronics \& Mobile Communication Conference (UEMCON)},
  pages={0736--0740},
  year={2023},
  organization={IEEE}
}

@misc{taic_github,
  author = {taic-repo},
  title = {taic},
  year = {2023},
  publisher = {GitHub},
  howpublished = {\url{https://github.com/taic-repo/taic}},
  note = {Accessed: 2024-07-20},
  url = {https://github.com/taic-repo/taic}
}

@incollection{song2021hardware,
  title={Hardware accelerator systems for embedded systems},
  author={Song, William J},
  booktitle={Advances in Computers},
  volume={122},
  pages={23--49},
  year={2021},
  publisher={Elsevier}
}

@misc{mehta2021x86,
  author = {Sohil Mehta},
  title = {{x86 User Interrupts support}},
  howpublished = {\url{https://lwn.net/Articles/869140/}},
  year = {2021},
  note = {Accessed: 2025-05-06},
  journal = {LWN.net},
  month = {September},
  day = {13}
}

@article{pintouser,
  title={User Mode Interrupts},
  author={Pinto, Sandro and Garlati, Cesare}
}

@book{waterman2016riscv,
  title={The RISC-V Instruction Set Manual},
  author={Waterman, Andrew and Asanovi{\'c}, Krste},
  volume={1},
  year={2016},
  publisher={UCB EECS-2016-1}
}

@misc{rust2021std,
  title={Rust standard library futures},
  author={Rust Developers},
  year={2021},
  howpublished={\url{https://doc.rust-lang.org/std/future}}
}


@misc{moslehianexperimental,
  title={An Experimental Integration of io uring and Tokio: An Asynchronous Runtime for Rust},
  author={Moslehian, Arash Sal},
  school={Ferdowsi University of Mashhad}
}

@book{klabnik2020rust,
  title={Rust for Rustaceans},
  author={Klabnik, Steve},
  year={2020},
  publisher={No Starch Press}
}

@misc{tjader2021rtic,
  title={RTIC-A Zero-Cost Abstraction for Memory Safe Concurrency},
  author={Tj{\"a}der, Henrik},
  year={2021}
}

@inproceedings{edwards2009coherent,
  title={Coherent reaction},
  author={Edwards, Jonathan},
  booktitle={Proceedings of the 24th ACM SIGPLAN conference companion on Object oriented programming systems languages and applications},
  pages={925--932},
  year={2009}
}

@book{samson2024asynchronous,
  title={Asynchronous Programming in Rust: Learn asynchronous programming by building working examples of futures, green threads, and runtimes},
  author={Samson, Carl Fredrik},
  year={2024},
  publisher={Packt Publishing Ltd}
}

@article{matsakis2018async,
  title={Async/await in Rust: A full proposal},
  author={Matsakis, Niko and Turon, Aaron},
  journal={Rust RFC 2394},
  year={2018}
}

@phdthesis{kroning2023concurrency,
  title={Concurrency Techniques and Hardware Abstraction Layer Concepts for Embedded Systems in Rust},
  author={Kr{\"o}ning, Martin Werner},
  year={2023},
  school={Universit{\"a}tsbibliothek der RWTH Aachen}
}

@article{belson2020c,
  title={C++ 20 coroutines on microcontrollersâ€”what we learned},
  author={Belson, Bruce and Xiang, Wei and Holdsworth, Jason and Philippa, Bronson},
  journal={IEEE Embedded Systems Letters},
  volume={13},
  number={1},
  pages={9--12},
  year={2020},
  publisher={IEEE}
}

@book{bovet2005understanding,
  title={Understanding the Linux Kernel},
  author={Bovet, Daniel P. and Cesati, Marco},
  year={2005},
  publisher={O'Reilly Media}
}


@inproceedings{deligiannis2015asynchronous,
  title={Asynchronous programming, analysis and testing with state machines},
  author={Deligiannis, Pantazis and Donaldson, Alastair F and Ketema, Jeroen and Lal, Akash and Thomson, Paul},
  booktitle={Proceedings of the 36th ACM SIGPLAN Conference on Programming Language Design and Implementation},
  pages={154--164},
  year={2015}
}

@inproceedings{adya2002cooperative,
  title={Cooperative Task Management Without Manual Stack Management.},
  author={Adya, Atul and Howell, Jon and Theimer, Marvin and Bolosky, William J and Douceur, John R},
  booktitle={USENIX Annual Technical Conference, General Track},
  pages={289--302},
  year={2002}
}

@article{rights2005software,
  title={Software and the Concurrency Revolution},
  author={Rights, First Worldwide Serial and Rights, Nonexclusive Reprint and Sutter, Herb and Larus, James},
  year={2005},
  publisher={Citeseer}
}

@article{li2015reducing,
  title={Reducing world switches in virtualized environment with flexible cross-world calls},
  author={Li, Wenhao and Xia, Yubin and Chen, Haibo and Zang, Binyu and Guan, Haibing},
  journal={ACM SIGARCH Computer Architecture News},
  volume={43},
  number={3S},
  pages={375--387},
  year={2015},
  publisher={ACM New York, NY, USA}
}

@inproceedings{gotzfried2017cache,
  title={Cache attacks on Intel SGX},
  author={G{\"o}tzfried, Johannes and Eckert, Moritz and Schinzel, Sebastian and M{\"u}ller, Tilo},
  booktitle={Proceedings of the 10th European Workshop on Systems Security},
  pages={1--6},
  year={2017}
}

@inproceedings{li2007quantifying,
  title={Quantifying the cost of context switch},
  author={Li, Chuanpeng and Ding, Chen and Shen, Kai},
  booktitle={Proceedings of the 2007 workshop on Experimental computer science},
  pages={2--es},
  year={2007}
}

@article{peng2020fast,
  title={Fast interprocess communication algorithm in microkernel},
  author={Peng, Xinghai and Xiao, Kun and Li, Yun and Chen, Lirong and Zhang, Wen},
  journal={International Journal of Performability Engineering},
  volume={16},
  number={2},
  pages={185},
  year={2020}
}

@misc{arm2009asid,
  title={ARM architecture reference manual: ASID management in ARMv7},
  organization={ARM Limited},
  year={2009}
}

@inproceedings{kuang2013towards,
  title={Towards a scalable microkernel personality for multicore processors},
  author={Kuang, Jilong and Waddington, Daniel G and Tian, Chen},
  booktitle={Euro-Par 2013 Parallel Processing: 19th International Conference, Aachen, Germany, August 26-30, 2013. Proceedings 19},
  pages={620--632},
  year={2013},
  organization={Springer}
}

@article{cox2017efficient,
  title={Efficient address translation for architectures with multiple page sizes},
  author={Cox, Guilherme and Bhattacharjee, Abhishek},
  journal={ACM SIGPLAN Notices},
  volume={52},
  number={4},
  pages={435--448},
  year={2017},
  publisher={ACM New York, NY, USA}
}

@article{jochen1994mu,
  title={On $\mu$-Kernel Construction},
  author={Jochen, LIEDTKE},
  journal={Proc 15th SOSP, 1994},
  year={1994}
}

@inproceedings{herder2006construction,
  title={Construction of a highly dependable operating system},
  author={Herder, Jorrit N and Bos, Herbert and Gras, Ben and Homburg, Philip and Tanenbaum, Andrew S},
  booktitle={2006 Sixth European Dependable Computing Conference},
  pages={3--12},
  year={2006},
  organization={IEEE}
}

@inproceedings{heiser2008role,
  title={The role of virtualization in embedded systems},
  author={Heiser, Gernot},
  booktitle={Proceedings of the 1st workshop on Isolation and integration in embedded systems},
  pages={11--16},
  year={2008}
}

@article{rana2023survey,
  title={A Survey on Microkernel Based Operating Systems and Their Essential Key Components},
  author={Rana, Md Ratan and Baul, Saikat},
  journal={Available at SSRN 4467406},
  year={2023}
}

@article{Thallapally2024,
  author = {Thallapally Abhilash},
  title = {Microkernel vs Monolithic kernel Design Trade - offs},
  journal = {International Journal For Multidisciplinary Research},
  year = {2024},
  volume = {6},
  number = {2},
  pages = {1 - 5}
}

@article{liedtke1996toward,
  title={Toward real microkernels},
  author={Liedtke, Jochen},
  journal={Communications of the ACM},
  volume={39},
  number={9},
  pages={70--77},
  year={1996},
  publisher={ACM New York, NY, USA}
}

@inproceedings{liedtke1993improving,
  title={Improving IPC by kernel design},
  author={Liedtke, Jochen},
  booktitle={Proceedings of the fourteenth ACM symposium on Operating systems principles},
  pages={175--188},
  year={1993}
}

@inproceedings{klein2009sel4,
  title={seL4: Formal verification of an OS kernel},
  author={Klein, Gerwin and Elphinstone, Kevin and Heiser, Gernot and Andronick, June and Cock, David and Derrin, Philip and Elkaduwe, Dhammika and Engelhardt, Kai and Kolanski, Rafal and Norrish, Michael and others},
  booktitle={Proceedings of the ACM SIGOPS 22nd symposium on Operating systems principles},
  pages={207--220},
  year={2009}
}

@misc{Caruso2021,
    author = {Jeff Caruso},
    title = {1 million IOPS demonstrated},
    howpublished = {\url{https://www.networkworld.com/article/2244085/1-million- iops-demonstrated.html}},
    note = {Accessed: 2021-12-01},
    year = {2021}
}

@article{lipp2020meltdown,
  title={Meltdown: Reading kernel memory from user space},
  author={Lipp, Moritz and Schwarz, Michael and Gruss, Daniel and Prescher, Thomas and Haas, Werner and Horn, Jann and Mangard, Stefan and Kocher, Paul and Genkin, Daniel and Yarom, Yuval and others},
  journal={Communications of the ACM},
  volume={63},
  number={6},
  pages={46--56},
  year={2020},
  publisher={ACM New York, NY, USA}
}

@article{kocher2020spectre,
  title={Spectre attacks: Exploiting speculative execution},
  author={Kocher, Paul and Horn, Jann and Fogh, Anders and Genkin, Daniel and Gruss, Daniel and Haas, Werner and Hamburg, Mike and Lipp, Moritz and Mangard, Stefan and Prescher, Thomas and others},
  journal={Communications of the ACM},
  volume={63},
  number={7},
  pages={93--101},
  year={2020},
  publisher={ACM New York, NY, USA}
}

@misc{kernel_pti,
  author = {The kernel development community},
  title = {Page table isolation(PTI)},
  howpublished = {\url{https://www.kernel.org/doc/html/latest/x86/pti.html}},
  note = {Accessed: 2021-12-01},
  year = {2021}
}

@inproceedings{blackham2012improving,
  title={Improving interrupt response time in a verifiable protected microkernel},
  author={Blackham, Bernard and Shi, Yao and Heiser, Gernot},
  booktitle={Proceedings of the 7th ACM european conference on Computer Systems},
  pages={323--336},
  year={2012}
}

@article{heiser2016l4,
  title={L4 microkernels: The lessons from 20 years of research and deployment},
  author={Heiser, Gernot and Elphinstone, Kevin},
  journal={ACM Transactions on Computer Systems (TOCS)},
  volume={34},
  number={1},
  pages={1--29},
  year={2016},
  publisher={ACM New York, NY, USA}
}

@inproceedings{mi2019skybridge,
  title={Skybridge: Fast and secure inter-process communication for microkernels},
  author={Mi, Zeyu and Li, Dingji and Yang, Zihan and Wang, Xinran and Chen, Haibo},
  booktitle={Proceedings of the Fourteenth EuroSys Conference 2019},
  pages={1--15},
  year={2019}
}

@inproceedings{du2019xpc,
  title={XPC: architectural support for secure and efficient cross process call},
  author={Du, Dong and Hua, Zhichao and Xia, Yubin and Zang, Binyu and Chen, Haibo},
  booktitle={Proceedings of the 46th International Symposium on Computer Architecture},
  pages={671--684},
  year={2019}
}

@inproceedings{kuo2020linux,
  title={A linux in unikernel clothing},
  author={Kuo, Hsuan-Chi and Williams, Dan and Koller, Ricardo and Mohan, Sibin},
  booktitle={Proceedings of the Fifteenth European Conference on Computer Systems},
  pages={1--15},
  year={2020}
}

@inproceedings{olivier2019binary,
  title={A binary-compatible unikernel},
  author={Olivier, Pierre and Chiba, Daniel and Lankes, Stefan and Min, Changwoo and Ravindran, Binoy},
  booktitle={Proceedings of the 15th ACM SIGPLAN/SIGOPS International Conference on Virtual Execution Environments},
  pages={59--73},
  year={2019}
}

@inproceedings{yu2017web,
  title={Web service appliance based on unikernel},
  author={Yu, Kai and Zhang, Chengfei and Zhao, Yunxiang},
  booktitle={2017 IEEE 37th International Conference on Distributed Computing Systems Workshops (ICDCSW)},
  pages={280--282},
  year={2017},
  organization={IEEE}
}

@inproceedings{zhou2023userspace,
  title={Userspace bypass: Accelerating syscall-intensive applications},
  author={Zhou, Zhe and Bi, Yanxiang and Wan, Junpeng and Zhou, Yangfan and Li, Zhou},
  booktitle={17th USENIX Symposium on Operating Systems Design and Implementation (OSDI 23)},
  pages={33--49},
  year={2023}
}

@inproceedings{jeong2014mtcp,
  title={$\{$mTCP$\}$: a highly scalable user-level $\{$TCP$\}$ stack for multicore systems},
  author={Jeong, EunYoung and Wood, Shinae and Jamshed, Muhammad and Jeong, Haewon and Ihm, Sunghwan and Han, Dongsu and Park, KyoungSoo},
  booktitle={11th USENIX Symposium on Networked Systems Design and Implementation (NSDI 14)},
  pages={489--502},
  year={2014}
}

@inproceedings{yang2017spdk,
  title={SPDK: A development kit to build high performance storage applications},
  author={Yang, Ziye and Harris, James R and Walker, Benjamin and Verkamp, Daniel and Liu, Changpeng and Chang, Cunyin and Cao, Gang and Stern, Jonathan and Verma, Vishal and Paul, Luse E},
  booktitle={2017 IEEE International Conference on Cloud Computing Technology and Science (CloudCom)},
  pages={154--161},
  year={2017},
  organization={IEEE}
}

@inproceedings{soares2010flexsc,
  title={$\{$FlexSC$\}$: Flexible system call scheduling with $\{$Exception-Less$\}$ system calls},
  author={Soares, Livio and Stumm, Michael},
  booktitle={9th USENIX Symposium on Operating Systems Design and Implementation (OSDI 10)},
  year={2010}
}

@inproceedings{nassif2022sapphire,
  title={Sapphire rapids: The next-generation intel xeon scalable processor},
  author={Nassif, Nevine and Munch, Ashley O and Molnar, Carleton L and Pasdast, Gerald and Lyer, Sitaraman V and Yang, Zibing and Mendoza, Oscar and Huddart, Mark and Venkataraman, Srikrishnan and Kandula, Sireesha and others},
  booktitle={2022 IEEE International Solid-State Circuits Conference (ISSCC)},
  volume={65},
  pages={44--46},
  year={2022},
  organization={IEEE}
}

@misc{RISCVPrivileged2020,
  author = "{The risc-v instruction set manual}",
  title = "Volume II: Privileged architecture, document version 1.12",
  howpublished = {\url{https://github.com/riscv/riscv-isa-manual/releases/download/draft20200212-c3d1f07/riscv-privileged.pdf}},
  year = "2020"
}

@inproceedings{levy2015ownership,
  title={Ownership is theft: Experiences building an embedded OS in Rust},
  author={Levy, Amit and Andersen, Michael P and Campbell, Bradford and Culler, David and Dutta, Prabal and Ghena, Branden and Levis, Philip and Pannuto, Pat},
  booktitle={Proceedings of the 8th Workshop on Programming Languages and Operating Systems},
  pages={21--26},
  year={2015}
}

@inproceedings{balasubramanian2017system,
  title={System programming in rust: Beyond safety},
  author={Balasubramanian, Abhiram and Baranowski, Marek S and Burtsev, Anton and Panda, Aurojit and Rakamari{\'c}, Zvonimir and Ryzhyk, Leonid},
  booktitle={Proceedings of the 16th workshop on hot topics in operating systems},
  pages={156--161},
  year={2017}
}

@misc{sel4DesignPrinciples,
  title = {seL4 Design Principles},
  author = {Microkernel Dude},
  url = {https://microkerneldude.org/2020/03/11/sel4-design-principles/},
  year = {2020},
  note = {Accessed [Access Date, if applicable]}
}

